<?xml version="1.0" encoding="UTF-8"?><collection xmlns="http://www.loc.gov/MARC21/slim"><record><leader>00704nam--2200205-u-4500</leader><controlfield tag="001">000053359</controlfield><controlfield tag="002">20161230</controlfield><controlfield tag="005">20161230201051</controlfield><controlfield tag="008">110315s1000------------r-----000-0-eng-d</controlfield><datafield ind1=" " ind2=" " tag="020"><subfield code="a">9810244215</subfield></datafield><datafield ind1=" " ind2=" " tag="040"><subfield code="a">IFIN-HH</subfield></datafield><datafield ind1=" " ind2=" " tag="080"><subfield code="a">512.554.3:514.84(063)</subfield></datafield><datafield ind1="1" ind2=" " tag="100"><subfield code="a">Doebner, H.D</subfield></datafield><datafield ind1="1" ind2="0" tag="245"><subfield code="a">Lie theory and its applications in physics iii</subfield><subfield code="b">Proceedings of the third international workshop lie theory and its applications in physics iii, clausthal, germany, 11-14 july 1999</subfield><subfield code="c">H.-d. doebner; v.k. dobrev; j. hilgert (eds.)</subfield></datafield><datafield ind1=" " ind2=" " tag="260"><subfield code="a">Singapore</subfield><subfield code="b">World Scientific</subfield><subfield code="c">2000</subfield></datafield><datafield ind1=" " ind2=" " tag="300"><subfield code="a">315P</subfield></datafield><datafield ind1=" " ind2=" " tag="490"><subfield code="a">Proceedings</subfield></datafield><datafield ind1="1" ind2=" " tag="700"><subfield code="a">Hilgert, J</subfield><subfield code="e">Ed</subfield></datafield><datafield ind1=" " ind2=" " tag="852"><subfield code="a">81518</subfield><subfield code="c">53</subfield></datafield><datafield ind1=" " ind2=" " tag="CAT"><subfield code="a">Sys</subfield><subfield code="c">20110315</subfield><subfield code="h">155610</subfield></datafield></record></collection>